
@incollection{kalra,
	title = {Comparative study of market-based and threshold-based task allocation},
	booktitle = {Distributed Autonomous Robotic Systems 7},
	publisher = {Springer},
	author = {Kalra, Nidhi and Martinoli, Alcherio},
	year = {2006},
	pages = {91--101},
}

@incollection{bonabeau,
	title = {Division of Labor and Task Allocation},
	booktitle = {Swarm Intelligence},
	author = {Bonabeau et al},
	year = {1999},
	pages = {91 -- 109 -- 147},
}

@inproceedings{agassounon,
	title = {Efficiency and robustness of threshold-based distributed allocation algorithms in multi-agent systems},
	booktitle = {Proceedings of the first international joint conference on Autonomous agents and multi-agent systems: part 3},
	publisher = {ACM},
	author = {Agassounon, William and Martinoli, Alcherio},
	year = {2002},
	pages = {1090--1097},
}
